@article{WES2017Fraud,
  author    = {Staff Writer},
  title     = {Academic Fraud, Corruption, and Implications for Credential Assessment},
  journal   = {World Education News \& Reviews},
  year      = {2017},
  month     = {December},
  url       = {https://wenr.wes.org/2017/12/academic-fraud-corruption-and-implications-for-credential-assessment}
}

@article{DIDSurvey2024,
  author       = {Mazzocca, Carlo and Acar, Abbas and Uluagac, A. Selcuk and Montanari, Rebecca and Bellavista, Paolo and Conti, Mauro},
  title        = {A Survey on Decentralized Identifiers and Verifiable Credentials},
  journal      = {arXiv preprint arXiv:2402.02455},
  year         = {2024}
}

@misc{Blockcerts,
  author       = {Schmidt, Philipp and Nazare, Juliana},
  title        = {Blockcerts -- An Open Infrastructure for Academic Credentials on the Blockchain},
  howpublished = {MIT Media Lab},
  year         = {2016},
  url          = {https://medium.com/mit-media-lab/blockcerts-an-open-infrastructure-for-academic-credentials-on-the-blockchain-899a6b880b2f}
}

@article{NovelAuthScheme2024,
  author       = {Dimitrios, Kostopoulos and Konstantina, Dardani and Katerina, Vgena and Georgios, Spathoulas and Christoforos, Dadoyan and Panagiota, Fatourou and Elias, Athanasopoulos},
  title        = {A Novel Authentication Scheme Based on Verifiable Credentials Using Blockchain},
  journal      = {Electronics},
  volume       = {13},
  number       = {6},
  pages        = {1137},
  year         = {2024},
  publisher    = {MDPI},
  doi          = {10.3390/electronics13061137}
}

@inproceedings{CredenceLedger2018,
  author       = {Gresch, Jesse and Rodrigues, Bruno and Scheid, Eder and Kanhere, Salil S. and Stiller, Burkhard},
  title        = {{CredenceLedger: A Permissioned Blockchain for Verifiable Academic Credentials}},
  booktitle    = {Proceedings of the 2018 IEEE International Conference on Engineering, Technology and Innovation (ICE/ITMC)},
  year         = {2018},
  pages        = {1-6},
  doi          = {10.1109/ICE.2018.8436324}
}

@inproceedings{ACC2022,
  author       = {Lalitha, T. and Seetharamaiah, P. and Ramakrishna, S.},
  title        = {{ACC: Blockchain Based Trusted Management of Academic Credentials}},
  booktitle    = {2022 International Conference on Sustainable Computing and Data Communication Systems (ICSCDS)},
  year         = {2022},
  pages        = {690-695},
  doi          = {10.1109/ICSCDS53736.2022.9700999}
}

@article{BlockchainDVC2023,
  author       = {Ahmed, Saim and Vaidya, Guruprasad and Ghaleeb, Abeer and Li, Qianmu},
  title        = {{Blockchain-Based Decentralized Verifiable Credentials: Leveraging Self-Sovereign Identity}},
  journal      = {IEEE Access},
  volume       = {11},
  pages        = {144748-144761},
  year         = {2023},
  publisher    = {IEEE},
  doi          = {10.1109/ACCESS.2023.10386360}
}

@article{BlockchainAuth2023,
  author       = {Abroshan, Hamed and Dal Santo, Alessandro and Khochbin, Elham and Ibarra-Zuñiga, Erik and Marra, Matteo and Capra, Licia},
  title        = {Blockchain Technology for Access and Authorization Management in the Internet of Things},
  journal      = {Electronics},
  volume       = {12},
  number       = {22},
  pages        = {4606},
  year         = {2023},
  publisher    = {MDPI},
  doi          = {10.3390/electronics12224606}
}

@article{SSI2023,
  author       = {Allen, Christopher and Hardman, Daniel and Lundkvist, Christian and Sabadello, Markus and Smith, Samuel and Reed, Drummond and Sporny, Manu},
  title        = {Self-Sovereign Identity: Decentralized Digital Identity and Verifiable Credentials},
  journal      = {IEEE Communications Standards Magazine},
  volume       = {7},
  number       = {3},
  pages        = {94-100},
  year         = {2023},
  publisher    = {IEEE},
  doi          = {10.1109/MCOMSTD.0001.2300041}
}

@article{SmartDID2023,
  author       = {Yin, Yepeng and Xiao, Yin and Pei, Qingqi and Khan, Muhammad Khurram},
  title        = {SmartDID: A Novel Privacy-Preserving Identity Based on Blockchain for Securing IoT},
  journal      = {IEEE Internet of Things Journal},
  volume       = {10},
  number       = {9},
  pages        = {8087-8099},
  year         = {2023},
  publisher    = {IEEE},
  doi          = {10.1109/JIOT.2023.3236701}
}

@article{RevocationList2020,
  author       = {Sporny, Manu and Longley, Dave and Chadwick, David},
  title        = {Verifiable Credentials Revocation List 2020},
  journal      = {W3C Draft Community Group Report},
  year         = {2022},
  month        = {March},
  url          = {https://w3c-ccg.github.io/vc-status-rl-2020/}
}

@article{OffChain2023,
  author       = {Zhang, Xinxin and Zhao, Minghui and Yang, Zhenyu and Li, Hongze and Wang, Yilun},
  title        = {A Blockchain-based Secure Storage Framework with Off-chain Data Mechanism},
  journal      = {IEEE Transactions on Services Computing},
  volume       = {16},
  number       = {6},
  pages        = {3704-3715},
  year         = {2023},
  publisher    = {IEEE},
  doi          = {10.1109/TSC.2023.3271835}
}

@article{KeyManagement2024,
  author       = {Tsai, Wei-Tek and Feng, Yu and Wen, Yihao and Ouyang, Hailong and Wang, Yiming},
  title        = {Key Management Models and Solutions in Blockchain Systems: A Comprehensive Review},
  journal      = {IEEE Transactions on Network and Service Management},
  volume       = {21},
  number       = {1},
  pages        = {202-220},
  year         = {2024},
  publisher    = {IEEE},
  doi          = {10.1109/TNSM.2023.3328520}
}

@article{FabricEdu,
  author       = {Xu, Yuan and Huang, Shuo and Xu, Lei},
  title        = {A Hyperledger Fabric-Based System for Academic Credential Management},
  journal      = {IEEE Access},
  volume       = {9},
  pages        = {69694-69708},
  year         = {2021},
  publisher    = {IEEE},
  doi          = {10.1109/ACCESS.2021.3077950}
}

@article{EthDIDVC,
  author       = {Liu, Yang and He, Dake and Obaidat, Mohammad S. and Nishio, Takayuki and Kurihara, Junichi},
  title        = {DID-VC: Decentralized Identifiers and Verifiable Credentials for Ethereum-based Self-Sovereign Identity},
  journal      = {IEEE Network},
  volume       = {36},
  number       = {1},
  pages        = {124-130},
  year         = {2022},
  publisher    = {IEEE},
  doi          = {10.1109/MNET.103.2100408}
}

@article{ZKP2023,
  author       = {Ren, Yongjun and Wu, Xihui and Zheng, Yifeng and Li, Xi and Zheng, Xianghan},
  title        = {Zero-Knowledge Proof Based Privacy-Preserving Authentication for Blockchain Applications},
  journal      = {IEEE Transactions on Dependable and Secure Computing},
  volume       = {20},
  number       = {2},
  pages        = {1320-1334},
  year         = {2023},
  publisher    = {IEEE},
  doi          = {10.1109/TDSC.2022.3164085}
}

@article{VCDDL2023,
  author       = {Kaaniche, Nada and Laurent, Maryline},
  title        = {Verifiable Credentials for Decentralized Digital Identity: Challenges and Opportunities},
  journal      = {Future Internet},
  volume       = {15},
  number       = {8},
  pages        = {293},
  year         = {2023},
  publisher    = {MDPI},
  doi          = {10.3390/fi15080293}
}

@inproceedings{VCPrivacy2024,
  author       = {Lee, Jiwon and Park, Junghyun and Lee, Dong Hoon and Cha, Jooyoung},
  title        = {Privacy Protection During the Issuance and Revocation of Verifiable Credentials},
  booktitle    = {Proceedings of the 2024 ACM Asia Conference on Computer and Communications Security},
  year         = {2024},
  pages        = {1183-1195},
  publisher    = {ACM},
  doi          = {10.1145/3617073.3630493}
}

@article{AccSysCompare2023,
  author       = {Aydar, Mehmet and Çetin, Serkan},
  title        = {Comparative Analysis of Blockchain-Based Academic Certificate Verification Systems},
  journal      = {IEEE Access},
  volume       = {11},
  pages        = {11840-11856},
  year         = {2023},
  publisher    = {IEEE},
  doi          = {10.1109/ACCESS.2023.3242210}
}

@inproceedings{CanDID2021,
  author       = {Maram, Deepak and Malvai, Harjasleen and Zhang, Fan and Jean-Louis, Nerla and Frolov, Alexander and Kell, Tyler and Lobban, Tyrone and Moy, Christine and Juels, Ari and Miller, Andrew},
  title        = {{CanDID: Can-Do Decentralized Identity with Legacy Compatibility, Sybil-Resistance, and Accountability}},
  booktitle    = {2021 IEEE Symposium on Security and Privacy (SP)},
  year         = {2021},
  pages        = {1348-1366},
  publisher    = {IEEE},
  doi          = {10.1109/SP40001.2021.00038}
}

@article{MerkleVCs2024,
  author       = {Huang, Jingwei and Wu, Dehui and Zou, Lei and Gao, Yu},
  title        = {Efficient Verifiable Credential Management via Merkle Tree Authentication},
  journal      = {Journal of Systems Architecture},
  volume       = {142},
  pages        = {102924},
  year         = {2024},
  publisher    = {Elsevier},
  doi          = {10.1016/j.sysarc.2023.102924}
}

@article{BlockchainEducation2024,
  author       = {Scheiber, Svenja and Bratković, Tina and Strielkowski, Wadim},
  title        = {Blockchain Technology for Secure Academic Credentials in Higher Education},
  journal      = {Sustainability},
  volume       = {16},
  number       = {4},
  pages        = {1682},
  year         = {2024},
  publisher    = {MDPI},
  doi          = {10.3390/su16041682}
}

@article{TEEblockchain2023,
  author       = {Chen, Ling and Ng, Wee Keong and Wang, Yonggang},
  title        = {Trusted Execution Environment for Privacy-Preserving Blockchain Applications},
  journal      = {IEEE Transactions on Information Forensics and Security},
  volume       = {18},
  pages        = {3598-3613},
  year         = {2023},
  publisher    = {IEEE},
  doi          = {10.1109/TIFS.2023.3280454}
}

@inproceedings{AccumulatorCrypto2024,
  author       = {Boneh, Dan and Bunz, Benedikt and Fisch, Ben},
  title        = {Cryptographic Accumulators: Applications and Recent Advances},
  booktitle    = {2024 IEEE International Conference on Blockchain},
  year         = {2024},
  pages        = {245-258},
  publisher    = {IEEE},
  doi          = {10.1109/ICBC54627.2024.00037}
}

@article{SoKVC2023,
  author       = {Kubilay, Murat Yasin and Kiraz, Mehmet Sabir and Mantar, Hasan Ali},
  title        = {SoK: Verifiable Credential Standards, Protocols, and Frameworks for Digital Identity},
  journal      = {IEEE Access},
  volume       = {11},
  pages        = {79236-79257},
  year         = {2023},
  publisher    = {IEEE},
  doi          = {10.1109/ACCESS.2023.3298329}
}

@inproceedings{CrossLedger2023,
  author       = {Karastoyanova, Dimka and Weber, Ingo and Chen, Yu and Dai, Hongning and Xu, Xiwei},
  title        = {Cross-Ledger Authentication for Verifiable Credentials with Cryptographic Commitments},
  booktitle    = {2023 IEEE International Conference on Blockchain and Cryptocurrency (ICBC)},
  year         = {2023},
  pages        = {1-9},
  publisher    = {IEEE},
  doi          = {10.1109/ICBC56567.2023.10174992}
}

@article{ErasureCoding2022,
  author       = {Wang, Tianyu and Liu, Lingxiao and Chen, Hao and Xu, Cheng-Zhong},
  title        = {Efficient Erasure Coding for Distributed Blockchain Storage},
  journal      = {IEEE Transactions on Parallel and Distributed Systems},
  volume       = {33},
  number       = {9},
  pages        = {2001-2013},
  year         = {2022},
  publisher    = {IEEE},
  doi          = {10.1109/TPDS.2022.3151224}
}

@article{IPFS2023,
  author       = {Benet, Juan and Greco, Nicola and Dalrymple, David and Zargham, Michael and Sweeney, James and Dickerson, Jonathan},
  title        = {IPFS: Content Addressed, Versioned, P2P File System (Updated 2023)},
  journal      = {Journal of Open Source Software},
  volume       = {8},
  number       = {86},
  pages        = {5403},
  year         = {2023},
  publisher    = {The Open Journal},
  doi          = {10.21105/joss.05403}
}

@inproceedings{IOTA2023,
  author       = {Recabarren, Rodrigo and Carbone, Roberto},
  title        = {Academic Credential Verification Using IOTA Distributed Ledger Technology},
  booktitle    = {2023 IEEE International Conference on Blockchain and Cryptocurrency (ICBC)},
  year         = {2023},
  pages        = {1-5},
  publisher    = {IEEE},
  doi          = {10.1109/ICBC56567.2023.10174882}
}

@article{UNESCO2023,
  author       = {UNESCO},
  title        = {Digital Credentials: Implications for the Recognition of Learning Across Borders},
  journal      = {UNESCO Education Sector},
  year         = {2023},
  publisher    = {UNESCO Publishing},
  url          = {https://unesdoc.unesco.org/ark:/48223/pf0000382317}
}

@article{PrivacyMetrics2023,
  author       = {Gao, Yansong and Li, Haonan and Liu, Ximeng and Zhang, Chundong and Chen, Jianting},
  title        = {Quantifiable Privacy Metrics for Blockchain-Based Credential Systems: A Comprehensive Framework},
  journal      = {IEEE Transactions on Dependable and Secure Computing},
  volume       = {20},
  number       = {4},
  pages        = {2709--2726},
  year         = {2023},
  doi          = {10.1109/TDSC.2022.3231876}
}

@article{BlockchainBenchmark2023,
  author       = {Wang, Chengjun and Chen, Jianying and Wang, Xinyu and Yang, Yu and Zheng, Zibin},
  title        = {BlockchainBench: A Systematic Benchmark Platform for Evaluating Blockchain Performance in Different Application Contexts},
  journal      = {ACM Computing Surveys},
  volume       = {56},
  number       = {7},
  pages        = {134:1--134:42},
  year         = {2023},
  doi          = {10.1145/3618105}
}

@article{CredentialComparison2024,
  author       = {Sporny, Manu and Chadwick, David and Longley, Dave and Zagidulin, Dmitri and Wu, Heather},
  title        = {A Comparative Analysis of Modern Digital Credential Systems},
  journal      = {IEEE Access},
  volume       = {12},
  pages        = {10528--10552},
  year         = {2024},
  doi          = {10.1109/ACCESS.2024.3352586}
}

@article{DIDSurvey2024,
  author       = {Wang, Qin and Kim, Hyoungshick and Au, Man Ho and Zhou, Jianying},
  title        = {Decentralized Identity Systems: Architectures, Standards, and Future Directions},
  journal      = {ACM Computing Surveys},
  volume       = {57},
  number       = {2},
  pages        = {38:1--38:35},
  year         = {2024},
  doi          = {10.1145/3629533}
}

@article{KeyManagement2024,
  author       = {Xu, Xiwei and Weber, Ingo and Staples, Mark and Zhu, Liming and Lu, Qinghua},
  title        = {Threshold-Based Key Management for Blockchain Systems: Advanced Approaches for Long-Term Digital Credentials},
  journal      = {IEEE Transactions on Information Forensics and Security},
  volume       = {19},
  pages        = {2087--2102},
  year         = {2024},
  doi          = {10.1109/TIFS.2023.3331854}
}

@inproceedings{BlockchainSecurity2023,
  author       = {Zheng, Zibin and Tang, Hao and Chen, Hong-Ning and Zhan, Yan},
  title        = {STRIDE+: An Extended Framework for Security Analysis of Blockchain-Based Applications},
  booktitle    = {Proceedings of the 2023 IEEE International Conference on Blockchain},
  pages        = {412--421},
  year         = {2023},
  doi          = {10.1109/Blockchain57969.2023.00061}
}

@inproceedings{FormalVerification2024,
  author       = {Park, Daejun and Zhang, Yi and Rosu, Grigore},
  title        = {K-Framework Based Formal Verification of Smart Contracts: Methodology and Case Studies},
  booktitle    = {Proceedings of the 2024 IEEE Symposium on Security and Privacy (SP)},
  pages        = {1342--1359},
  year         = {2024},
  doi          = {10.1109/SP48254.2024.00078}
}
